@InProceedings{eth_biwi_00633,
  author = {Michael D. Breitenstein and Fabian Reichlin and Bastian Leibe and Esther Koller-Meier and Luc Van Gool},
  title = {Robust Tracking-by-Detection using a Detector Confidence Particle Filter},
  booktitle = {IEEE International Conference on Computer Vision},
  year = {2009},
  month = {October},
  keywords = {}
}
@inproceedings{Grabner:2006:OBV:1153170.1153451,
 author = {Grabner, Helmut and Bischof, Horst},
 title = {On-line Boosting and Vision},
 booktitle = {Proceedings of the 2006 IEEE Computer Society Conference on Computer Vision and Pattern Recognition - Volume 1},
 series = {CVPR '06},
 year = {2006},
 isbn = {0-7695-2597-0},
 pages = {260--267},
 numpages = {8},
 url = {http://dx.doi.org/10.1109/CVPR.2006.215},
 doi = {10.1109/CVPR.2006.215},
 acmid = {1153451},
 publisher = {IEEE Computer Society},
 address = {Washington, DC, USA},
}
@techreport{Welch:1995:IKF:897831,
 author = {Welch, Greg and Bishop, Gary},
 title = {An Introduction to the Kalman Filter},
 year = {1995},
 source = {http://www.ncstrl.org:8900/ncstrl/servlet/search?formname=detail\&id=oai%3Ancstrlh%3Auncch_cs%3AUNCCH_CS%2F%2FTR95-041},
 publisher = {University of North Carolina at Chapel Hill},
 address = {Chapel Hill, NC, USA},
} 
